<?xml version="1.0" encoding="UTF-8"?><record xmlns="http://www.loc.gov/MARC21/slim" xmlns:cinclude="http://apache.org/cocoon/include/1.0" xmlns:zs="http://www.loc.gov/zing/srw/">
  <leader>00327nz  a2200121n  4500</leader>
  <controlfield tag="001">n  86127249 </controlfield>
  <controlfield tag="003">DLC</controlfield>
  <controlfield tag="005">19870130055750.8</controlfield>
  <controlfield tag="008">860905n| acannaab|          |n aaa |||  </controlfield>
  <datafield tag="010" ind1=" " ind2=" ">
    <subfield code="a">n  86127249 </subfield>
  </datafield>
  <datafield tag="040" ind1=" " ind2=" ">
    <subfield code="a">DLC</subfield>
    <subfield code="c">DLC</subfield>
  </datafield>
  <datafield tag="100" ind1="1" ind2="0">
    <subfield code="a">Groen, J. A.</subfield>
  </datafield>
  <datafield tag="670" ind1=" " ind2=" ">
    <subfield code="a">His Afgunst regeert de wereld, c1986:</subfield>
    <subfield code="b">t.p. (J.A. Groen) p. 128 (psychiatrist)</subfield>
  </datafield>
</record>